<?xml version="1.0" encoding="UTF-8"?><record xmlns="http://www.loc.gov/MARC21/slim" xmlns:cinclude="http://apache.org/cocoon/include/1.0" xmlns:zs="http://www.loc.gov/zing/srw/">
  <leader>02231cz  a2200325n  4500</leader>
  <controlfield tag="001">no 99032227 </controlfield>
  <controlfield tag="003">DLC</controlfield>
  <controlfield tag="005">20140226143010.0</controlfield>
  <controlfield tag="008">990506n| azannaabn          |n aaa     c</controlfield>
  <datafield tag="010" ind1=" " ind2=" ">
    <subfield code="a">no 99032227 </subfield>
  </datafield>
  <datafield tag="035" ind1=" " ind2=" ">
    <subfield code="a">(OCoLC)oca04979988</subfield>
  </datafield>
  <datafield tag="040" ind1=" " ind2=" ">
    <subfield code="a">NjP</subfield>
    <subfield code="b">eng</subfield>
    <subfield code="e">rda</subfield>
    <subfield code="c">NjP</subfield>
    <subfield code="d">UPB</subfield>
  </datafield>
  <datafield tag="046" ind1=" " ind2=" ">
    <subfield code="f">19160801</subfield>
    <subfield code="g">20090712</subfield>
  </datafield>
  <datafield tag="100" ind1="1" ind2=" ">
    <subfield code="a">Weight, Newell</subfield>
  </datafield>
  <datafield tag="370" ind1=" " ind2=" ">
    <subfield code="a">Springville (Utah)</subfield>
    <subfield code="b">Orem (Utah)</subfield>
    <subfield code="2">naf</subfield>
  </datafield>
  <datafield tag="373" ind1=" " ind2=" ">
    <subfield code="a">Provo High School (Provo, Utah)</subfield>
    <subfield code="2">naf</subfield>
  </datafield>
  <datafield tag="373" ind1=" " ind2=" ">
    <subfield code="a">Brigham Young University</subfield>
    <subfield code="2">naf</subfield>
    <subfield code="s">1949</subfield>
    <subfield code="t">1962</subfield>
  </datafield>
  <datafield tag="373" ind1=" " ind2=" ">
    <subfield code="a">University of Utah</subfield>
    <subfield code="2">naf</subfield>
    <subfield code="s">1962</subfield>
    <subfield code="t">1984</subfield>
  </datafield>
  <datafield tag="374" ind1=" " ind2=" ">
    <subfield code="a">Conductors (Music)</subfield>
    <subfield code="2">raam</subfield>
  </datafield>
  <datafield tag="374" ind1=" " ind2=" ">
    <subfield code="a">Music teachers</subfield>
    <subfield code="2">raam</subfield>
  </datafield>
  <datafield tag="375" ind1=" " ind2=" ">
    <subfield code="a">male</subfield>
  </datafield>
  <datafield tag="377" ind1=" " ind2=" ">
    <subfield code="a">eng</subfield>
  </datafield>
  <datafield tag="378" ind1=" " ind2=" ">
    <subfield code="q">Newell Bryan</subfield>
  </datafield>
  <datafield tag="670" ind1=" " ind2=" ">
    <subfield code="a">Ussachevsky, V. Electronic and acoustic works, 1957-1972, c1999:</subfield>
    <subfield code="b">container (Newell Weight, conductor)</subfield>
  </datafield>
  <datafield tag="670" ind1=" " ind2=" ">
    <subfield code="a">A study of the motivic development of the sixth symphony by Beethoven, 1946:</subfield>
    <subfield code="b">title page (Newell B. Weight)</subfield>
  </datafield>
  <datafield tag="670" ind1=" " ind2=" ">
    <subfield code="a">A music box of Christmas carols, 1999:</subfield>
    <subfield code="b">container (Dr. Newell B. Weight)</subfield>
  </datafield>
  <datafield tag="670" ind1=" " ind2=" ">
    <subfield code="a">Deseret News, via WWW, December 5, 2011</subfield>
    <subfield code="b">(July 15, 2009 edition; Newell Bryan Weight; born August 1, 1916 in Springville, Utah; son of Ralph Weight and Minerva Bryan; graduated from Brigham Young University with a Masters Degree in Music Education; earned his Doctorate in Music from USC; worked at Brigham Young University from 1949 to 1962; while there he founded the BYU Acapella Choir; in 1962 he moved to the University of Utah where he expanded and refined their Acapella Choir and served as the Chairman of the Music Department; was known throughout the Music community for his achievements in conducting choirs; he retired in 1984 from the University of Utah; died July 12, 2009 in Orem, Utah)</subfield>
  </datafield>
  <datafield tag="670" ind1=" " ind2=" ">
    <subfield code="a">UPB files, accessed January 8, 2014</subfield>
    <subfield code="b">(Provo High School choir, 1948; BYU choir, 1949-1962; University of Utah choir, 1962-1984; events and tours)</subfield>
  </datafield>
  <datafield tag="670" ind1=" " ind2=" ">
    <subfield code="a">FamilySearch, via www, accessed January 8, 2014</subfield>
    <subfield code="b">(born August 1, 1916 in Springville, Utah; parents were Ralph and Minerva Bryan Weight; married to Dorothy Hill on July 20, 1936 in Springville, Utah; died on August 1, 2009 in Orem, Utah)</subfield>
  </datafield>
  <datafield tag="678" ind1="0" ind2=" ">
    <subfield code="a">Newell Weight (1916-2009) was an academic music educator in Utah.</subfield>
  </datafield>
</record>